@article{ptbx1,
	Author = {Brainard, D. H.},
	Journal = {{Spatial Vision}},
	Pages = {433--436},
	Title = {{The Psychophysics Toolbox}},
	Volume = {10},
	Year = {1997}}

@article{Crawford:1982lr,
	Author = {Vincent P. Crawford and Joel Sobel},
	Journal = {Econometrica},
	Number = {6},
	Pages = {1431--1451},
	Title = {Strategic Information Transmission},
	Volume = {50},
	Year = {1982}}
	
@article{De-Jaegher:2003lr,
	Author = {De Jaegher, K.},
	Journal = {{Linguistics and Philosophy}},
	Pages = {637--659},
	Title = {{A Game--Theoretic Rationale for Vagueness}},
	Volume = {26},
	Year = {2003}}
		
@article{Dehaene1996,
	Author = {Dehaene, S.},
	Journal = {Journal of Cognitive Neuroscience},
	Number = {1},
	Pages = {47--68},
	Title = {The organization of brain activations in number comparison: Event-related potentials and the additive-factors method},
	Volume = {8},
	Year = {1996}}
	
@article{dehaene1993mental,
	Author = {Dehaene, S. and Bossini, S. and Giraux, P.},
	Journal = {{Journal of Experimental Psychology: General}},
	Number = {3},
	Pages = {371},
	Publisher = {{American Psychological Association}},
	Title = {{The mental representation of parity and number magnitude.}},
	Volume = {122},
	Year = {1993}}

@book{eaton:2002,
	Author = {John W. Eaton},
	Publisher = {{Network Theory Limited}},
	Title = {\textsc{GNU} {Octave Manual}},
	Year = {2002}}
	
@incollection{Edgington,
	Author = {Dorothy Edgington},
	Booktitle = {{Vagueness: a Reader. A Bradford Book}},
	Editor = {Keefe, R. and Smith, P.},
	Publisher = {The MIT Press, Cambridge, MA},
	Title = {{Vagueness by Degrees}},
	Year = {1997}}

@incollection{EgreKlinedinst,
	Author = {{Egr\a'e}, P. and N. Klinedinst},
	Booktitle = {{Vagueness and Language Use}},
	Editor = {{Egr\a'e}, P. and N. Klinedinst},
	Publisher = {{Palgrave}},
	Title = {Introduction: Vagueness and Language Use},
	Year = {2011}}

@article{Fine,
	Author = {Fine, Kit},
	Journal = {Synthese},
	Number = {3},
	Pages = {265--300},
	Publisher = {Springer},
	Title = {Vagueness, truth and logic},
	Volume = {30},
	Year = {1975}}

@article{gevers2006automatic,
	Author = {Gevers, W. and Lammertyn, J. and Notebaert, W. and Verguts, T. and Fias, W.},
	Journal = {{Acta Psychologica}},
	Number = {3},
	Pages = {221--233},
	Publisher = {Elsevier},
	Title = {{Automatic response activation of implicit spatial information: Evidence from the SNARC effect}},
	Volume = {122},
	Year = {2006}}

@inproceedings{green2011costreduction,
	Address = {Boston, MA},
	Author = {Green, Matthew J. AND van Deemter, K.},
	Booktitle = {Proceedings of `Production of Referring Expressions' workshop at 33rd Annual Meeting of the Cognitive Science Society},
	Title = {Vagueness as Cost Reduction: An Empirical Test},
	Year = {2011}}

@inproceedings{green2013utility,
	Author = {Green, Matthew J. and van Deemter, Kees},
	Booktitle = {Production of referring expressions: Bridging the gap between cognitive and computational approaches to reference. 31 July 2013 Berlin, Germany},
	Month = {31 July--3 August},
	Title = {The utility of vagueness: Does it lie elsewhere?},
	Year = {2013}}
	
@inproceedings{Hobbs85granularity,
	Author = {Jerry R. Hobbs},
	Booktitle = {Proceedings of the Ninth International Joint Conference on Artificial Intelligence},
	Pages = {432--435},
	Publisher = {Morgan Kaufmann},
	Title = {Granularity},
	Year = {1985}}
	
@article{Izard20081221,
	Author = {V{\'e}ronique Izard and Stanislas Dehaene},
	Journal = {Cognition},
	Number = {3},
	Pages = {1221--1247},
	Title = {Calibrating the mental number line},
	Volume = {106},
	Year = {2008}}
	
@article{jaeger2008categorical,
	Author = {Jaeger, T.F.},
	Journal = {{Journal of Memory and Language}},
	Number = {4},
	Pages = {434--446},
	Publisher = {Elsevier},
	Title = {{Categorical data analysis: Away from ANOVAs (transformation or not) and towards logit mixed models}},
	Volume = {59},
	Year = {2008}}
	
@book{keefe1997vagueness,
	Editor = {Keefe, R. and Smith, P.},
	Publisher = {The MIT Press, Cambridge, MA},
	Title = {{Vagueness: a Reader. A Bradford Book}},
	Year = {1997}}

@article{ptbx2,
	Author = {Kleiner, M. and Brainard, D. and Pelli, D. and Ingling, A. and Murray, R. and Broussard, C.},
	Journal = {Perception},
	Title = {{What's new in Psychtoolbox-3}},
	Volume = {36},
	Year = {2007}}

@manual{lmerTest,
	Author = {Alexandra Kuznetsova and Per {Bruun Brockhoff} and Rune {Haubo Bojesen Christensen}},
	Note = {Version 2.0-32},
	Title = {{lmerTest}: Tests for random and fixed effects for linear mixed effect models (lmer objects of lme4 package).},
	Url = {http://CRAN.R-project.org/package=lmerTest},
	Year = {2016}}

@incollection{Lipman:2000fk,
	Author = {Lipman, B. L.},
	Booktitle = {{Economics and language: Five essays}},
	Editor = {Rubinstein, A.},
	Publisher = {{Cambridge University Press}},
	Title = {Comments section},
	Year = {2000}}

@unpublished{lipmanvague,
	Author = {Lipman, B. L.},
	Note = {{retrieved 12 April 2011 from \url{http://people.bu.edu/} \url{blipman/Papers/vague5.pdf}}},
	Title = {{Why is Language Vague?}},
	Year = {2009}}
	
@article{Mishra01042011,
	Author = {Mishra, Himanshu and Mishra, Arul and Shiv, Baba},
	Journal = {{Psychological Science}},
	Number = {6},
	Pages = {733--738},
	Title = {In Praise of Vagueness: {M}alleability of Vague Information as a Performance-Booster},
	Volume = {22},
	Year = {2011},
	mynote = {http://dx.doi.org/10.1177/0956797611407208}}}

@article{peters2009bringing,
	Author = {Peters, E. and Dieckmann, N.F. and V\"astfj\"all, D. and Mertz, CK and Slovic, P. and Hibbard, J.H.},
	Journal = {{Journal of Experimental Psychology: Applied}},
	Number = {3},
	Pages = {213},
	Publisher = {{American Psychological Association}},
	Title = {{Bringing meaning to numbers: The impact of evaluative categories on decisions.}},
	Volume = {15},
	Year = {2009}}

@article{trick1994small,
	Author = {Trick, L.M. and Pylyshyn, Z.W.},
	Journal = {{Psychological Review}},
	Pages = {80--102},
	Title = {{Why are small and large numbers enumerated differently? A limited-capacity preattentive stage in vision}},
	Volume = {101},
	Year = {1994}}	

@article{van2009utility,
	Author = {{van Deemter}, K.},
	Issn = {0022-3611},
	Journal = {{Journal of Philosophical Logic}},
	Number = {6},
	Pages = {607--632},
	Publisher = {Springer},
	Title = {{Utility and Language Generation: The Case of Vagueness}},
	Volume = {38},
	Year = {2009}}
	
@book{vanDeemterBook,
	Address = {Oxford, UK},
	Author = {Kees {van Deemter}},
	Publisher = {Oxford University Press},
	Title = {Not Exactly: in Praise of Vagueness},
	Year = 2010}
	
@book{vanDeemterCMR,
	Address = {Cambridge, Mass},
	Author = {Kees {van Deemter}},
	Publisher = {MIT Press},
	Title = {Computational Models of Referring: a Study in Cognitive Science},
	Year = 2016}

@article{van123,
	Author = {{van Oeffelen}, M.P. AND Vos, P.G},
	Journal = {Perception and Psychophysics},
	Number = {2},
	Pages = {163--170},
	Title = {A probabilistic model for the discrimination of visual number},
	Volume = {32},
	Year = {1982}}

@incollection{vanrooij2003lr,
	Author = {{van Rooij}, Robert},
	Booktitle = {{TARK 9: Theoretical Aspects of Rationality and Knowledge}},
	Editor = {M. Tenneholz},
	Publisher = {Bloomington},
	Title = {Being polite is a handicap: Towards a game theoretic analysis of polite linguistic behavior},
	Year = {2003}}
	
@article{Zadeh,
	Author = {Zadeh, Lotfi A},
	Journal = {Information and {C}ontrol},
	Number = {3},
	Pages = {338--353},
	Publisher = {Elsevier},
	Title = {Fuzzy sets},
	Volume = {8},
	Year = {1965}}
	
