%% This BibTeX bibliography file was created using BibDesk.
%% http://bibdesk.sourceforge.net/


%% Created for Matthew Green at 2014-05-08 14:35:31 +0100 


%% Saved with string encoding Unicode (UTF-8) 



@article{Feigenson2004307,
	Author = {Lisa Feigenson and Stanislas Dehaene and Elizabeth Spelke},
	Date-Added = {2014-05-08 13:25:23 +0000},
	Date-Modified = {2014-05-08 13:33:39 +0000},
	Doi = {http://dx.doi.org/10.1016/j.tics.2004.05.002},
	Journal = {Trends in Cognitive Sciences},
	Number = {7},
	Pages = {307 - 314},
	Title = {Core systems of number},
	Volume = {8},
	Year = {2004},
	Bdsk-Url-1 = {http://www.sciencedirect.com/science/article/pii/S1364661304001317},
	Bdsk-Url-2 = {http://dx.doi.org/10.1016/j.tics.2004.05.002}}

@article{Dehaene199647,
	Annote = {http://www.scopus.com/inward/record.url?eid=2-s2.0-0030021315&partnerID=40&md5=b1c83c043b21d55ccc18bd756404b0a5},
	Author = {Dehaene, S.},
	Date-Added = {2011-10-13 13:18:13 +0000},
	Date-Modified = {2011-10-15 10:39:27 +0000},
	Document_Type = {Article},
	Journal = {Journal of Cognitive Neuroscience},
	Note = {cited By (since 1996) 152},
	Number = {1},
	Pages = {47-68},
	Source = {Scopus},
	Title = {The organization of brain activations in number comparison: Event-related potentials and the additive-factors method},
	Volume = {8},
	Year = {1996},
	Bdsk-Url-1 = {http://www.scopus.com/inward/record.url?eid=2-s2.0-0030021315&partnerID=40&md5=b1c83c043b21d55ccc18bd756404b0a5}}

@article{van123,
	Author = {van Oeffelen, M.P. AND Vos, P.G},
	Date-Added = {2011-10-13 13:15:45 +0000},
	Date-Modified = {2011-10-13 13:16:52 +0000},
	Journal = {Perception and Psychophysics},
	Number = {2},
	Pages = {163--170},
	Title = {A probabilistic model for the discrimination of visual number},
	Volume = {32},
	Year = {1982}}

@article{vos,
	Author = {van Oeffelen, M.P.},
	Date-Added = {2011-10-13 13:13:39 +0000},
	Date-Modified = {2011-10-13 13:13:54 +0000}}

@article{Rilling:1965uq,
	Author = {Rilling,M. and Mcdiarmid,C.},
	Date-Added = {2011-10-13 13:11:18 +0000},
	Date-Modified = {2011-10-13 13:11:21 +0000},
	Journal = {Science},
	Note = {Cited By (since 1996): 21},
	Number = {3669},
	Pages = {526-527},
	Title = {Signal detection in fixed-ratio schedules},
	Url = {www.scopus.com},
	Volume = {148},
	Year = {1965},
	Bdsk-Url-1 = {www.scopus.com}}

@article{Rilling:1965fk,
	Author = {Rilling,M. and Mcdiarmid,C.},
	Date-Added = {2011-10-13 13:11:00 +0000},
	Date-Modified = {2011-10-13 13:11:03 +0000},
	Journal = {Science},
	Note = {Cited By (since 1996): 21},
	Number = {3669},
	Pages = {526-527},
	Title = {Signal detection in fixed-ratio schedules},
	Url = {www.scopus.com},
	Volume = {148},
	Year = {1965},
	Bdsk-Url-1 = {www.scopus.com}}

@article{clark1982hearers,
	Author = {Clark, H.H. and Carlson, T.B.},
	Date-Added = {2011-10-13 09:58:59 +0000},
	Date-Modified = {2011-10-13 09:58:59 +0000},
	Journal = {Language},
	Number = {2},
	Pages = {332--373},
	Publisher = {Linguistic Society of America},
	Title = {Hearers and Speech Acts},
	Volume = {58},
	Year = {1982}}

@book{ClarkBook1996,
	Date-Added = {2011-10-13 09:56:14 +0000},
	Date-Modified = {2011-10-13 09:57:05 +0000},
	Publisher = {{Cambridge University Press}},
	Title = {{Using Language}},
	Year = {1996}}

@incollection{Clark1982287,
	Annote = {http://www.sciencedirect.com/science/article/pii/S0166411509600595},
	Author = {Herbert H. Clark and Gregory L. Murphy},
	Booktitle = {Language and Comprehension},
	Date-Added = {2011-10-13 09:49:22 +0000},
	Date-Modified = {2011-10-13 10:25:18 +0000},
	Doi = {10.1016/S0166-4115(09)60059-5},
	Editor = {{Jean-Fran{\c c}ois} {Le Ny} and Walter Kintsch},
	Issn = {0166-4115},
	Pages = {287 - 299},
	Publisher = {North-Holland},
	Series = {Advances in Psychology},
	Title = {Audience Design in Meaning and Reference},
	Volume = {9},
	Year = {1982},
	Bdsk-Url-1 = {http://www.sciencedirect.com/science/article/pii/S0166411509600595},
	Bdsk-Url-2 = {http://dx.doi.org/10.1016/S0166-4115(09)60059-5}}

@book{reiter2000building,
	Author = {Reiter, E. and Dale, R.},
	Date-Added = {2011-09-28 16:46:19 +0100},
	Date-Modified = {2014-05-08 13:35:30 +0000},
	Publisher = {Cambridge University Press},
	Title = {Building natural language generation systems},
	Year = {2000}}

@article{mishra2007seeing,
	Author = {Mishra, H. and Mishra, A. and Nayakankuppam, D.},
	Date-Added = {2011-09-27 19:24:43 +0100},
	Date-Modified = {2011-09-27 19:24:43 +0100},
	Journal = {Marketing Science},
	Number = {5},
	Pages = {666--678},
	Publisher = {INFORMS},
	Title = {Seeing Through the Heart's Eye: The Interference of System 1 in System 2},
	Volume = {26},
	Year = {2007}}

@incollection{sloman2007two,
	Author = {Sloman, S.A.},
	Booktitle = {{Heuristics and Biases: The Psychology of Intuitive Judgment}},
	Date-Added = {2011-07-04 16:35:59 +0100},
	Date-Modified = {2011-07-04 16:39:28 +0100},
	Editor = {T. Gilovich AND D. Griffin AND D.Kahneman},
	Publisher = {{CUP}},
	Title = {Two systems of reasoning},
	Year = {2007}}

@incollection{EgreKlinedinst,
	Author = {Egre, P. and N. Klinedinst},
	Booktitle = {{Vagueness and Language Use}},
	Editor = {Egre, P. and N. Klinedinst},
	Publisher = {{Palgrave}},
	Title = {Introduction: Vagueness and Language Use},
	Year = {2011}}

@article{reiter2003lessons,
	Author = {Reiter, E. and Robertson, R. and Osman, L.M.},
	Date-Added = {2011-06-23 14:06:02 +0100},
	Date-Modified = {2011-06-23 14:06:02 +0100},
	Journal = {Artificial Intelligence},
	Number = {1-2},
	Pages = {41--58},
	Publisher = {Elsevier},
	Title = {Lessons from a failure: Generating tailored smoking cessation letters},
	Volume = {144},
	Year = {2003},
	Bdsk-File-1 = {YnBsaXN0MDDUAQIDBAUGJCVYJHZlcnNpb25YJG9iamVjdHNZJGFyY2hpdmVyVCR0b3ASAAGGoKgHCBMUFRYaIVUkbnVsbNMJCgsMDxJXTlMua2V5c1pOUy5vYmplY3RzViRjbGFzc6INDoACgAOiEBGABIAFgAdccmVsYXRpdmVQYXRoWWFsaWFzRGF0YV8QNy4uLy4uLy4uL2V2YWx1YXRpbmdOTEcvbGl0ZXJhdHVyZS9yZWl0ZXIyMDAzbGVzc29ucy5wZGbSFwsYGVdOUy5kYXRhTxEBxgAAAAABxgACAAAGTWFjT1NYAAAAAAAAAAAAAAAAAAAAAAAAAAAAyWj71EgrAAAAYLTbFXJlaXRlcjIwMDNsZXNzb25zLnBkZgAAAAAAAAAAAAAAAAAAAAAAAAAAAAAAAAAAAAAAAAAAAAAAAAAAAAAAAABgva/KKPj5AAAAAAAAAAAAAwADAAAJIAAAAAAAAAAAAAAAAAAAAApsaXRlcmF0dXJlABAACAAAyWj71AAAABEACAAAyijq6QAAAAEAFABgtNsAYLK3AAWrhgAFq3kAAJGfAAIAT01hY09TWDpVc2VyczptamdtYWM1NjI6RG9jdW1lbnRzOmV2YWx1YXRpbmdOTEc6bGl0ZXJhdHVyZTpyZWl0ZXIyMDAzbGVzc29ucy5wZGYAAA4ALAAVAHIAZQBpAHQAZQByADIAMAAwADMAbABlAHMAcwBvAG4AcwAuAHAAZABmAA8ADgAGAE0AYQBjAE8AUwBYABIASFVzZXJzL21qZ21hYzU2Mi9Eb2N1bWVudHMvZXZhbHVhdGluZ05MRy9saXRlcmF0dXJlL3JlaXRlcjIwMDNsZXNzb25zLnBkZgATAAEvAAAVAAIAEP//AACABtIbHB0eWiRjbGFzc25hbWVYJGNsYXNzZXNdTlNNdXRhYmxlRGF0YaMdHyBWTlNEYXRhWE5TT2JqZWN00hscIiNcTlNEaWN0aW9uYXJ5oiIgXxAPTlNLZXllZEFyY2hpdmVy0SYnVHJvb3SAAQAIABEAGgAjAC0AMgA3AEAARgBNAFUAYABnAGoAbABuAHEAcwB1AHcAhACOAMgAzQDVAp8CoQKmArECugLIAswC0wLcAuEC7gLxAwMDBgMLAAAAAAAAAgEAAAAAAAAAKAAAAAAAAAAAAAAAAAAAAw0=}}

@article{carenini2006generating,
	Author = {Carenini, G. and Moore, J.D.},
	Date-Added = {2011-06-23 14:05:18 +0100},
	Date-Modified = {2011-06-23 14:05:18 +0100},
	Journal = {Artificial Intelligence},
	Number = {11},
	Pages = {925--952},
	Publisher = {Elsevier},
	Title = {Generating and evaluating evaluative arguments},
	Volume = {170},
	Year = {2006},
	Bdsk-File-1 = {YnBsaXN0MDDUAQIDBAUGJCVYJHZlcnNpb25YJG9iamVjdHNZJGFyY2hpdmVyVCR0b3ASAAGGoKgHCBMUFRYaIVUkbnVsbNMJCgsMDxJXTlMua2V5c1pOUy5vYmplY3RzViRjbGFzc6INDoACgAOiEBGABIAFgAdccmVsYXRpdmVQYXRoWWFsaWFzRGF0YV8QPC4uLy4uLy4uL2V2YWx1YXRpbmdOTEcvbGl0ZXJhdHVyZS9jYXJlbmluaTIwMDZnZW5lcmF0aW5nLnBkZtIXCxgZV05TLmRhdGFPEQHaAAAAAAHaAAIAAAZNYWNPU1gAAAAAAAAAAAAAAAAAAAAAAAAAAADJaPvUSCsAAABgtNsaY2FyZW5pbmkyMDA2Z2VuZXJhdGluZy5wZGYAAAAAAAAAAAAAAAAAAAAAAAAAAAAAAAAAAAAAAAAAAAAAAAAAAGDB9soo+ScAAAAAAAAAAAADAAMAAAkgAAAAAAAAAAAAAAAAAAAACmxpdGVyYXR1cmUAEAAIAADJaPvUAAAAEQAIAADKKOsXAAAAAQAUAGC02wBgsrcABauGAAWreQAAkZ8AAgBUTWFjT1NYOlVzZXJzOm1qZ21hYzU2MjpEb2N1bWVudHM6ZXZhbHVhdGluZ05MRzpsaXRlcmF0dXJlOmNhcmVuaW5pMjAwNmdlbmVyYXRpbmcucGRmAA4ANgAaAGMAYQByAGUAbgBpAG4AaQAyADAAMAA2AGcAZQBuAGUAcgBhAHQAaQBuAGcALgBwAGQAZgAPAA4ABgBNAGEAYwBPAFMAWAASAE1Vc2Vycy9tamdtYWM1NjIvRG9jdW1lbnRzL2V2YWx1YXRpbmdOTEcvbGl0ZXJhdHVyZS9jYXJlbmluaTIwMDZnZW5lcmF0aW5nLnBkZgAAEwABLwAAFQACABD//wAAgAbSGxwdHlokY2xhc3NuYW1lWCRjbGFzc2VzXU5TTXV0YWJsZURhdGGjHR8gVk5TRGF0YVhOU09iamVjdNIbHCIjXE5TRGljdGlvbmFyeaIiIF8QD05TS2V5ZWRBcmNoaXZlctEmJ1Ryb290gAEACAARABoAIwAtADIANwBAAEYATQBVAGAAZwBqAGwAbgBxAHMAdQB3AIQAjgDNANIA2gK4AroCvwLKAtMC4QLlAuwC9QL6AwcDCgMcAx8DJAAAAAAAAAIBAAAAAAAAACgAAAAAAAAAAAAAAAAAAAMm}}

@article{peters2007less,
	Author = {Peters, E. and Dieckmann, N. and Dixon, A. and Hibbard, J.H. and Mertz, CK},
	Date-Added = {2011-06-23 13:58:23 +0100},
	Date-Modified = {2011-06-23 13:58:23 +0100},
	Journal = {Medical Care Research and Review},
	Number = {2},
	Pages = {169},
	Publisher = {Sage Publications},
	Title = {Less is more in presenting quality information to consumers},
	Volume = {64},
	Year = {2007},
	Bdsk-File-1 = {YnBsaXN0MDDUAQIDBAUGJCVYJHZlcnNpb25YJG9iamVjdHNZJGFyY2hpdmVyVCR0b3ASAAGGoKgHCBMUFRYaIVUkbnVsbNMJCgsMDxJXTlMua2V5c1pOUy5vYmplY3RzViRjbGFzc6INDoACgAOiEBGABIAFgAdccmVsYXRpdmVQYXRoWWFsaWFzRGF0YV8QNC4uLy4uLy4uL2V2YWx1YXRpbmdOTEcvbGl0ZXJhdHVyZS9wZXRlcnMyMDA3bGVzcy5wZGbSFwsYGVdOUy5kYXRhTxEBugAAAAABugACAAAGTWFjT1NYAAAAAAAAAAAAAAAAAAAAAAAAAAAAyWj71EgrAAAAYLTbEnBldGVyczIwMDdsZXNzLnBkZgAAAAAAAAAAAAAAAAAAAAAAAAAAAAAAAAAAAAAAAAAAAAAAAAAAAAAAAAAAAABguhvKKPdPAAAAAAAAAAAAAwADAAAJIAAAAAAAAAAAAAAAAAAAAApsaXRlcmF0dXJlABAACAAAyWj71AAAABEACAAAyijpPwAAAAEAFABgtNsAYLK3AAWrhgAFq3kAAJGfAAIATE1hY09TWDpVc2VyczptamdtYWM1NjI6RG9jdW1lbnRzOmV2YWx1YXRpbmdOTEc6bGl0ZXJhdHVyZTpwZXRlcnMyMDA3bGVzcy5wZGYADgAmABIAcABlAHQAZQByAHMAMgAwADAANwBsAGUAcwBzAC4AcABkAGYADwAOAAYATQBhAGMATwBTAFgAEgBFVXNlcnMvbWpnbWFjNTYyL0RvY3VtZW50cy9ldmFsdWF0aW5nTkxHL2xpdGVyYXR1cmUvcGV0ZXJzMjAwN2xlc3MucGRmAAATAAEvAAAVAAIAEP//AACABtIbHB0eWiRjbGFzc25hbWVYJGNsYXNzZXNdTlNNdXRhYmxlRGF0YaMdHyBWTlNEYXRhWE5TT2JqZWN00hscIiNcTlNEaWN0aW9uYXJ5oiIgXxAPTlNLZXllZEFyY2hpdmVy0SYnVHJvb3SAAQAIABEAGgAjAC0AMgA3AEAARgBNAFUAYABnAGoAbABuAHEAcwB1AHcAhACOAMUAygDSApACkgKXAqICqwK5Ar0CxALNAtIC3wLiAvQC9wL8AAAAAAAAAgEAAAAAAAAAKAAAAAAAAAAAAAAAAAAAAv4=}}

@article{peters2006numeracy,
	Author = {Peters, E. and V\"astfj\"all, D. and Slovic, P. and Mertz, CK and Mazzocco, K. and Dickert, S.},
	Date-Added = {2011-06-23 13:57:03 +0100},
	Date-Modified = {2011-06-23 14:02:12 +0100},
	Journal = {Psychological Science},
	Number = {5},
	Pages = {407},
	Publisher = {SAGE Publications},
	Title = {Numeracy and decision making},
	Volume = {17},
	Year = {2006},
	Bdsk-File-1 = {YnBsaXN0MDDUAQIDBAUGJCVYJHZlcnNpb25YJG9iamVjdHNZJGFyY2hpdmVyVCR0b3ASAAGGoKgHCBMUFRYaIVUkbnVsbNMJCgsMDxJXTlMua2V5c1pOUy5vYmplY3RzViRjbGFzc6INDoACgAOiEBGABIAFgAdccmVsYXRpdmVQYXRoWWFsaWFzRGF0YV8QOC4uLy4uLy4uL2V2YWx1YXRpbmdOTEcvbGl0ZXJhdHVyZS9wZXRlcnMyMDA2bnVtZXJhY3kucGRm0hcLGBlXTlMuZGF0YU8RAcoAAAAAAcoAAgAABk1hY09TWAAAAAAAAAAAAAAAAAAAAAAAAAAAAMlo+9RIKwAAAGC02xZwZXRlcnMyMDA2bnVtZXJhY3kucGRmAAAAAAAAAAAAAAAAAAAAAAAAAAAAAAAAAAAAAAAAAAAAAAAAAAAAAAAAYLbcyij2ygAAAAAAAAAAAAMAAwAACSAAAAAAAAAAAAAAAAAAAAAKbGl0ZXJhdHVyZQAQAAgAAMlo+9QAAAARAAgAAMoo6LoAAAABABQAYLTbAGCytwAFq4YABat5AACRnwACAFBNYWNPU1g6VXNlcnM6bWpnbWFjNTYyOkRvY3VtZW50czpldmFsdWF0aW5nTkxHOmxpdGVyYXR1cmU6cGV0ZXJzMjAwNm51bWVyYWN5LnBkZgAOAC4AFgBwAGUAdABlAHIAcwAyADAAMAA2AG4AdQBtAGUAcgBhAGMAeQAuAHAAZABmAA8ADgAGAE0AYQBjAE8AUwBYABIASVVzZXJzL21qZ21hYzU2Mi9Eb2N1bWVudHMvZXZhbHVhdGluZ05MRy9saXRlcmF0dXJlL3BldGVyczIwMDZudW1lcmFjeS5wZGYAABMAAS8AABUAAgAQ//8AAIAG0hscHR5aJGNsYXNzbmFtZVgkY2xhc3Nlc11OU011dGFibGVEYXRhox0fIFZOU0RhdGFYTlNPYmplY3TSGxwiI1xOU0RpY3Rpb25hcnmiIiBfEA9OU0tleWVkQXJjaGl2ZXLRJidUcm9vdIABAAgAEQAaACMALQAyADcAQABGAE0AVQBgAGcAagBsAG4AcQBzAHUAdwCEAI4AyQDOANYCpAKmAqsCtgK/As0C0QLYAuEC5gLzAvYDCAMLAxAAAAAAAAACAQAAAAAAAAAoAAAAAAAAAAAAAAAAAAADEg==}}

@article{waters2006formats,
	Author = {Waters, E.A. and Weinstein, N.D. and Colditz, G.A. and Emmons, K.},
	Date-Added = {2011-06-23 13:49:59 +0100},
	Date-Modified = {2011-06-23 13:49:59 +0100},
	Journal = {Journal of health communication},
	Number = {2},
	Pages = {167--182},
	Publisher = {Taylor \& Francis},
	Title = {Formats for improving risk communication in medical tradeoff decisions},
	Volume = {11},
	Year = {2006},
	Bdsk-File-1 = {YnBsaXN0MDDUAQIDBAUGJCVYJHZlcnNpb25YJG9iamVjdHNZJGFyY2hpdmVyVCR0b3ASAAGGoKgHCBMUFRYaIVUkbnVsbNMJCgsMDxJXTlMua2V5c1pOUy5vYmplY3RzViRjbGFzc6INDoACgAOiEBGABIAFgAdccmVsYXRpdmVQYXRoWWFsaWFzRGF0YV8QNy4uLy4uLy4uL2V2YWx1YXRpbmdOTEcvbGl0ZXJhdHVyZS93YXRlcnMyMDA2Zm9ybWF0cy5wZGbSFwsYGVdOUy5kYXRhTxEBxgAAAAABxgACAAAGTWFjT1NYAAAAAAAAAAAAAAAAAAAAAAAAAAAAyWj71EgrAAAAYLTbFXdhdGVyczIwMDZmb3JtYXRzLnBkZgAAAAAAAAAAAAAAAAAAAAAAAAAAAAAAAAAAAAAAAAAAAAAAAAAAAAAAAABhND3KKTifAAAAAAAAAAAAAwADAAAJIAAAAAAAAAAAAAAAAAAAAApsaXRlcmF0dXJlABAACAAAyWj71AAAABEACAAAyikqjwAAAAEAFABgtNsAYLK3AAWrhgAFq3kAAJGfAAIAT01hY09TWDpVc2VyczptamdtYWM1NjI6RG9jdW1lbnRzOmV2YWx1YXRpbmdOTEc6bGl0ZXJhdHVyZTp3YXRlcnMyMDA2Zm9ybWF0cy5wZGYAAA4ALAAVAHcAYQB0AGUAcgBzADIAMAAwADYAZgBvAHIAbQBhAHQAcwAuAHAAZABmAA8ADgAGAE0AYQBjAE8AUwBYABIASFVzZXJzL21qZ21hYzU2Mi9Eb2N1bWVudHMvZXZhbHVhdGluZ05MRy9saXRlcmF0dXJlL3dhdGVyczIwMDZmb3JtYXRzLnBkZgATAAEvAAAVAAIAEP//AACABtIbHB0eWiRjbGFzc25hbWVYJGNsYXNzZXNdTlNNdXRhYmxlRGF0YaMdHyBWTlNEYXRhWE5TT2JqZWN00hscIiNcTlNEaWN0aW9uYXJ5oiIgXxAPTlNLZXllZEFyY2hpdmVy0SYnVHJvb3SAAQAIABEAGgAjAC0AMgA3AEAARgBNAFUAYABnAGoAbABuAHEAcwB1AHcAhACOAMgAzQDVAp8CoQKmArECugLIAswC0wLcAuEC7gLxAwMDBgMLAAAAAAAAAgEAAAAAAAAAKAAAAAAAAAAAAAAAAAAAAw0=}}

@article{Fara:2000fk,
	Annote = {Originally published under the name "Delia Graff"},
	Author = {Fara, Delia Graff},
	Date-Added = {2011-06-20 13:28:11 +0100},
	Date-Modified = {2011-06-20 13:29:09 +0100},
	Journal = {Philosophical Topics},
	Pages = {45--81},
	Title = {Shifting Sands: An Interest-Relative Theory of Vagueness},
	Volume = {28},
	Year = {2000}}

@book{Williamson:1994lr,
	Address = {London: Routledge.},
	Author = {Williamson, T.},
	Date-Added = {2011-06-20 13:19:08 +0100},
	Date-Modified = {2011-06-20 13:20:22 +0100},
	Title = {Vagueness},
	Year = {1994}}

@article{Crawford:1982lr,
	Author = {Vincent P. Crawford and Joel Sobel},
	Date-Added = {2011-05-30 22:57:13 +0100},
	Date-Modified = {2011-05-30 22:58:08 +0100},
	Journal = {Econometrica},
	Number = {6},
	Pages = {1431--1451},
	Title = {Strategic Information Transmission},
	Volume = {50},
	Year = {1982}}

@article{Deemter06generatingreferring,
	Author = {Kees {van Deemter}},
	Date-Added = {2011-05-30 22:33:42 +0100},
	Date-Modified = {2011-05-30 22:48:53 +0100},
	Journal = {{Computational Linguistics}},
	Pages = {2006},
	Title = {Generating referring expressions that involve gradable properties},
	Volume = {32},
	Year = {2006}}

@inproceedings{reiter2007architecture,
	Author = {Reiter, E.},
	Booktitle = {{Proceedings of the Eleventh European Workshop on Natural Language Generation}},
	Date-Added = {2011-05-26 14:32:26 +0100},
	Date-Modified = {2011-05-26 14:32:45 +0100},
	Organization = {{Association for Computational Linguistics}},
	Pages = {97--104},
	Title = {An architecture for data-to-text systems},
	Year = {2007}}

@article{portet2009automatic,
	Author = {Portet, F. and Reiter, E. and Gatt, A. and Hunter, J. and Sripada, S. and Freer, Y. and Sykes, C.},
	Date-Added = {2011-05-25 21:26:49 +0100},
	Date-Modified = {2011-05-25 21:26:49 +0100},
	Journal = {Artificial Intelligence},
	Number = {7-8},
	Pages = {789--816},
	Publisher = {Elsevier},
	Title = {Automatic generation of textual summaries from neonatal intensive care data},
	Volume = {173},
	Year = {2009}}

@misc{veltman2002,
	Author = {Frank Veltman},
	Date-Added = {2011-05-25 20:58:59 +0100},
	Date-Modified = {2011-05-25 21:07:01 +0100},
	Howpublished = {Inaugural lecture, Vossiuspers, University of Amsterdam},
	Title = {Het verschil tussen `vaag' en `niet precies'. (The difference between `vague' and `not precise'.)},
	Year = {2002}}

@inproceedings{van2009game,
	Author = {{van Deemter}, K.},
	Booktitle = {{Proceedings of the 12th European Workshop on Natural Language Generation}},
	Date-Added = {2011-05-25 20:40:35 +0100},
	Date-Modified = {2011-06-02 07:53:05 +0100},
	Organization = {{Association for Computational Linguistics}},
	Pages = {154--161},
	Title = {{What game theory can do for NLG: the case of vague language}},
	Year = {2009}}

@inproceedings{byron2009report,
	Author = {Byron, D. and Koller, A. and Striegnitz, K. and Cassell, J. and Dale, R. and Moore, J. and Oberlander, J.},
	Booktitle = {{Proceedings of the 12th European Workshop on Natural Language Generation}},
	Date-Added = {2011-05-18 21:16:41 +0100},
	Date-Modified = {2011-05-18 21:17:43 +0100},
	Organization = {{Association for Computational Linguistics}},
	Pages = {165--173},
	Title = {{Report on the First NLG Challenge on Generating Instructions in Virtual Environments (GIVE)}},
	Year = {2009}}

@inproceedings{koller2010report,
	Author = {Koller, A. and Striegnitz, K. and Gargett, A. and Byron, D. and Cassell, J. and Dale, R. and Moore, J. and Oberlander, J.},
	Booktitle = {{Proceedings of the 6th International Natural Language Generation Conference}},
	Date-Added = {2011-05-18 21:15:23 +0100},
	Date-Modified = {2011-05-18 21:18:14 +0100},
	Organization = {{Association for Computational Linguistics}},
	Pages = {243--250},
	Title = {{Report on the second NLG challenge on generating instructions in virtual environments (GIVE-2)}},
	Year = {2010}}

@article{brainerd1994development,
	Author = {Brainerd, C.J. and Gordon, L.L},
	Date-Added = {2011-05-17 19:08:49 +0100},
	Date-Modified = {2011-05-17 19:09:07 +0100},
	Journal = {{Developmental Psychology}},
	Number = {2},
	Pages = {163},
	Publisher = {{American Psychological Association}},
	Title = {Development of verbatim and gist memory for numbers.},
	Volume = {30},
	Year = {1994}}

@conference{Rayna:1989lr,
	Address = {Atlanta, GA},
	Author = {Rayna, V. F. and Brainerd, C. J.},
	Booktitle = {{Proceedings of the 30th Annual Meeting of the Psychonomic Society}},
	Date-Added = {2011-05-17 18:51:13 +0100},
	Date-Modified = {2011-05-30 22:20:57 +0100},
	Title = {Fuzzy-trace theory of framing effects in choice},
	Year = {1989}}

@article{moxey2000communicating,
	Author = {Moxey, L.M. and Sanford, A.J.},
	Date-Added = {2011-05-17 16:58:36 +0100},
	Date-Modified = {2011-05-17 16:59:09 +0100},
	Journal = {{Applied Cognitive Psychology}},
	Number = {3},
	Pages = {237--255},
	Publisher = {{Wiley Online Library}},
	Title = {{Communicating quantities: a review of psycholinguistic evidence of how expressions determine perspectives}},
	Volume = {14},
	Year = {2000}}

@article{budescu1988decisions,
	Author = {Budescu, D.V. and Weinberg, S. and Wallsten, T.S.},
	Date-Added = {2011-05-17 16:56:07 +0100},
	Date-Modified = {2011-05-17 16:56:07 +0100},
	Journal = {Journal of Experimental Psychology: Human Perception and Performance},
	Number = {2},
	Pages = {281},
	Publisher = {American Psychological Association},
	Title = {Decisions based on numerically and verbally expressed uncertainties.},
	Volume = {14},
	Year = {1988}}

@article{wallsten1986measuring,
	Author = {Wallsten, T.S. and Budescu, D.V. and Rapoport, A. and Zwick, R. and Forsyth, B.},
	Date-Added = {2011-05-17 16:50:43 +0100},
	Date-Modified = {2011-05-17 16:50:43 +0100},
	Journal = {Journal of Experimental Psychology: General},
	Number = {4},
	Pages = {348},
	Publisher = {American Psychological Association},
	Title = {Measuring the vague meanings of probability terms.},
	Volume = {115},
	Year = {1986}}

@article{sanford2003new,
	Author = {Sanford, A.J. and Moxey, L.M.},
	Date-Added = {2011-05-17 16:34:40 +0100},
	Date-Modified = {2011-05-17 16:34:40 +0100},
	Journal = {Current Directions in Psychological Science},
	Number = {6},
	Pages = {240},
	Publisher = {SAGE Publications},
	Title = {New perspectives on the expression of quantity},
	Volume = {12},
	Year = {2003}}

@article{hamm1991selection,
	Author = {Hamm, R.M.},
	Date-Added = {2011-05-17 16:13:55 +0100},
	Date-Modified = {2011-05-17 16:15:53 +0100},
	Journal = {{Organizational Behavior and Human Decision Processes}},
	Number = {2},
	Pages = {193--223},
	Publisher = {Elsevier},
	Title = {{Selection of verbal probabilities: A solution for some problems of verbal probability expression}},
	Volume = {48},
	Year = {1991}}

@incollection{center1964sherman,
	Address = {{Washington, D.C}},
	Author = {Kent, S.},
	Booktitle = {{Sherman Kent and the Board of National Estimates: Collected Essays, published 1994}},
	Date-Added = {2011-05-17 16:08:41 +0100},
	Date-Modified = {2011-05-17 16:12:28 +0100},
	Editor = {Steury, D.P.},
	Publisher = {{Center for the Study of Intelligence, Central Intelligence Agency}},
	Title = {Words of estimative probability},
	Year = {1964}}

@article{dieckmann2009use,
	Author = {Dieckmann, N.F. and Slovic, P. and Peters, E.M.},
	Date-Added = {2011-05-17 15:02:27 +0100},
	Date-Modified = {2011-05-17 15:02:27 +0100},
	Journal = {Risk Analysis},
	Number = {10},
	Pages = {1473--1488},
	Publisher = {Wiley-Blackwell, 111 River Street Hoboken NJ 07030-5774 USA},
	Title = {The use of narrative evidence and explicit likelihood by decisionmakers varying in numeracy},
	Volume = {29},
	Year = {2009},
	Bdsk-File-1 = {YnBsaXN0MDDUAQIDBAUGJCVYJHZlcnNpb25YJG9iamVjdHNZJGFyY2hpdmVyVCR0b3ASAAGGoKgHCBMUFRYaIVUkbnVsbNMJCgsMDxJXTlMua2V5c1pOUy5vYmplY3RzViRjbGFzc6INDoACgAOiEBGABIAFgAdccmVsYXRpdmVQYXRoWWFsaWFzRGF0YV8QNi4uLy4uLy4uL2V2YWx1YXRpbmdOTEcvbGl0ZXJhdHVyZS9kaWVja21hbm4yMDA5dXNlLnBkZtIXCxgZV05TLmRhdGFPEQHCAAAAAAHCAAIAAAZNYWNPU1gAAAAAAAAAAAAAAAAAAAAAAAAAAADJaPvUSCsAAABgtNsUZGllY2ttYW5uMjAwOXVzZS5wZGYAAAAAAAAAAAAAAAAAAAAAAAAAAAAAAAAAAAAAAAAAAAAAAAAAAAAAAAAAAGDHasoo+fMAAAAAAAAAAAADAAMAAAkgAAAAAAAAAAAAAAAAAAAACmxpdGVyYXR1cmUAEAAIAADJaPvUAAAAEQAIAADKKOvjAAAAAQAUAGC02wBgsrcABauGAAWreQAAkZ8AAgBOTWFjT1NYOlVzZXJzOm1qZ21hYzU2MjpEb2N1bWVudHM6ZXZhbHVhdGluZ05MRzpsaXRlcmF0dXJlOmRpZWNrbWFubjIwMDl1c2UucGRmAA4AKgAUAGQAaQBlAGMAawBtAGEAbgBuADIAMAAwADkAdQBzAGUALgBwAGQAZgAPAA4ABgBNAGEAYwBPAFMAWAASAEdVc2Vycy9tamdtYWM1NjIvRG9jdW1lbnRzL2V2YWx1YXRpbmdOTEcvbGl0ZXJhdHVyZS9kaWVja21hbm4yMDA5dXNlLnBkZgAAEwABLwAAFQACABD//wAAgAbSGxwdHlokY2xhc3NuYW1lWCRjbGFzc2VzXU5TTXV0YWJsZURhdGGjHR8gVk5TRGF0YVhOU09iamVjdNIbHCIjXE5TRGljdGlvbmFyeaIiIF8QD05TS2V5ZWRBcmNoaXZlctEmJ1Ryb290gAEACAARABoAIwAtADIANwBAAEYATQBVAGAAZwBqAGwAbgBxAHMAdQB3AIQAjgDHAMwA1AKaApwCoQKsArUCwwLHAs4C1wLcAukC7AL+AwEDBgAAAAAAAAIBAAAAAAAAACgAAAAAAAAAAAAAAAAAAAMI}}

@article{bisantz2005displaying,
	Author = {Bisantz, A.M. and Marsiglio, S.S. and Munch, J.},
	Date-Added = {2011-05-17 14:59:08 +0100},
	Date-Modified = {2011-05-17 14:59:08 +0100},
	Journal = {Human Factors: The Journal of the Human Factors and Ergonomics Society},
	Number = {4},
	Pages = {777},
	Publisher = {SAGE Publications},
	Title = {Displaying uncertainty: Investigating the effects of display format and specificity},
	Volume = {47},
	Year = {2005},
	Bdsk-File-1 = {YnBsaXN0MDDUAQIDBAUGJCVYJHZlcnNpb25YJG9iamVjdHNZJGFyY2hpdmVyVCR0b3ASAAGGoKgHCBMUFRYaIVUkbnVsbNMJCgsMDxJXTlMua2V5c1pOUy5vYmplY3RzViRjbGFzc6INDoACgAOiEBGABIAFgAdccmVsYXRpdmVQYXRoWWFsaWFzRGF0YV8QLC4uLy4uLy4uLy4uLy5UcmFzaC9iaXNhbnR6MjAwNWRpc3BsYXlpbmcucGRm0hcLGBlXTlMuZGF0YU8RAZIAAAAAAZIAAgAABk1hY09TWAAAAAAAAAAAAAAAAAAAAAAAAAAAAMlo+9RIKwAAAGCcJhliaXNhbnR6MjAwNWRpc3BsYXlpbmcucGRmAAAAAAAAAAAAAAAAAAAAAAAAAAAAAAAAAAAAAAAAAAAAAAAAAAAAYMZKyij5uQAAAAAAAAAAAAQAAgAACSAAAAAAAAAAAAAAAAAAAAAGLlRyYXNoABAACAAAyWj71AAAABEACAAAyijrqQAAAAEADABgnCYABat5AACRnwACADdNYWNPU1g6VXNlcnM6bWpnbWFjNTYyOi5UcmFzaDpiaXNhbnR6MjAwNWRpc3BsYXlpbmcucGRmAAAOADQAGQBiAGkAcwBhAG4AdAB6ADIAMAAwADUAZABpAHMAcABsAGEAeQBpAG4AZwAuAHAAZABmAA8ADgAGAE0AYQBjAE8AUwBYABIAMFVzZXJzL21qZ21hYzU2Mi8uVHJhc2gvYmlzYW50ejIwMDVkaXNwbGF5aW5nLnBkZgATAAEvAAAVAAIAEP//AACABtIbHB0eWiRjbGFzc25hbWVYJGNsYXNzZXNdTlNNdXRhYmxlRGF0YaMdHyBWTlNEYXRhWE5TT2JqZWN00hscIiNcTlNEaWN0aW9uYXJ5oiIgXxAPTlNLZXllZEFyY2hpdmVy0SYnVHJvb3SAAQAIABEAGgAjAC0AMgA3AEAARgBNAFUAYABnAGoAbABuAHEAcwB1AHcAhACOAL0AwgDKAmACYgJnAnICewKJAo0ClAKdAqICrwKyAsQCxwLMAAAAAAAAAgEAAAAAAAAAKAAAAAAAAAAAAAAAAAAAAs4=}}

@book{rubinstein2000economics,
	Author = {Rubinstein, A.},
	Date-Added = {2011-05-16 13:00:15 +0100},
	Date-Modified = {2011-05-16 13:01:05 +0100},
	Publisher = {{Cambridge Univ Press}},
	Title = {{Economics and language: Five essays}},
	Year = {2000}}

@article{gevers2006automatic,
	Author = {Gevers, W. and Lammertyn, J. and Notebaert, W. and Verguts, T. and Fias, W.},
	Date-Added = {2011-05-16 12:39:13 +0100},
	Date-Modified = {2011-05-16 12:41:53 +0100},
	Journal = {{Acta Psychologica}},
	Number = {3},
	Pages = {221--233},
	Publisher = {Elsevier},
	Title = {{Automatic response activation of implicit spatial information: Evidence from the SNARC effect}},
	Volume = {122},
	Year = {2006}}

@article{peters2009bringing,
	Abstract = {Decision makers are often quite poor at using numeric information in decisions. The results of 4 experiments demonstrate that a manipulation of evaluative meaning (i.e., the extent to which an attribute can be mapped onto a good/bad scale; this manipulation is accomplished through the addition of visual boundary lines and evaluative labels to a graphical format) has a robust influence in health judgments and choices and across diverse adult populations. The manipulation resulted in greater use of numeric quality-of-care information in judgments and less reliance on an irrelevant affective state among the less numerate. Recall results for provided quality-of-care numbers suggested that the manipulation did not influence depth of number processing with the exception of cost information that was not remembered as well. Results of a reaction-time paradigm revealed that feelings were more accessible than thoughts in the presence of the manipulation, suggesting that the effect may be due, at least in part, to an affective mechanism. Numeric information is often provided in decisions, but may not be usable by consumers without assistance from information providers. Implications for consumer decision making and the functions of affect are discussed.},
	Author = {Peters, E. and Dieckmann, N.F. and V\"astfj\"all, D. and Mertz, CK and Slovic, P. and Hibbard, J.H.},
	Date-Added = {2011-05-09 18:56:45 +0100},
	Date-Modified = {2011-05-16 13:05:29 +0100},
	Issn = {1939-2192},
	Journal = {{Journal of Experimental Psychology: Applied}},
	Number = {3},
	Pages = {213},
	Publisher = {{American Psychological Association}},
	Title = {{Bringing meaning to numbers: The impact of evaluative categories on decisions.}},
	Volume = {15},
	Year = {2009},
	Bdsk-File-1 = {YnBsaXN0MDDUAQIDBAUGJCVYJHZlcnNpb25YJG9iamVjdHNZJGFyY2hpdmVyVCR0b3ASAAGGoKgHCBMUFRYaIVUkbnVsbNMJCgsMDxJXTlMua2V5c1pOUy5vYmplY3RzViRjbGFzc6INDoACgAOiEBGABIAFgAdccmVsYXRpdmVQYXRoWWFsaWFzRGF0YV8QOC4uLy4uLy4uL2V2YWx1YXRpbmdOTEcvbGl0ZXJhdHVyZS9wZXRlcnMyMDA5YnJpbmdpbmcucGRm0hcLGBlXTlMuZGF0YU8RAcoAAAAAAcoAAgAABk1hY09TWAAAAAAAAAAAAAAAAAAAAAAAAAAAAMlo+9RIKwAAAGC02xZwZXRlcnMyMDA5YnJpbmdpbmcucGRmAAAAAAAAAAAAAAAAAAAAAAAAAAAAAAAAAAAAAAAAAAAAAAAAAAAAAAAAYNOiyij+ygAAAAAAAAAAAAMAAwAACSAAAAAAAAAAAAAAAAAAAAAKbGl0ZXJhdHVyZQAQAAgAAMlo+9QAAAARAAgAAMoo8LoAAAABABQAYLTbAGCytwAFq4YABat5AACRnwACAFBNYWNPU1g6VXNlcnM6bWpnbWFjNTYyOkRvY3VtZW50czpldmFsdWF0aW5nTkxHOmxpdGVyYXR1cmU6cGV0ZXJzMjAwOWJyaW5naW5nLnBkZgAOAC4AFgBwAGUAdABlAHIAcwAyADAAMAA5AGIAcgBpAG4AZwBpAG4AZwAuAHAAZABmAA8ADgAGAE0AYQBjAE8AUwBYABIASVVzZXJzL21qZ21hYzU2Mi9Eb2N1bWVudHMvZXZhbHVhdGluZ05MRy9saXRlcmF0dXJlL3BldGVyczIwMDlicmluZ2luZy5wZGYAABMAAS8AABUAAgAQ//8AAIAG0hscHR5aJGNsYXNzbmFtZVgkY2xhc3Nlc11OU011dGFibGVEYXRhox0fIFZOU0RhdGFYTlNPYmplY3TSGxwiI1xOU0RpY3Rpb25hcnmiIiBfEA9OU0tleWVkQXJjaGl2ZXLRJidUcm9vdIABAAgAEQAaACMALQAyADcAQABGAE0AVQBgAGcAagBsAG4AcQBzAHUAdwCEAI4AyQDOANYCpAKmAqsCtgK/As0C0QLYAuEC5gLzAvYDCAMLAxAAAAAAAAACAQAAAAAAAAAoAAAAAAAAAAAAAAAAAAADEg==}}

@article{babybritish,
	Author = {Baby, BNC and Sampler, BNC},
	Date-Added = {2011-05-09 17:37:19 +0100},
	Date-Modified = {2011-05-09 17:37:19 +0100},
	Title = {{British National Corpus}}}

@book{van2010not,
	Author = {{van Deemter}, K.},
	Date-Added = {2011-05-09 17:35:49 +0100},
	Date-Modified = {2011-05-09 17:41:29 +0100},
	Isbn = {0199545901},
	Publisher = {{Oxford Univ Press}},
	Title = {{Not exactly: in praise of vagueness}},
	Year = {2010}}

@incollection{sains1990,
	Author = {Sainsbury, R.M.},
	Booktitle = {{Vagueness: a Reader. A Bradford Book}},
	Date-Added = {2011-05-09 17:13:09 +0100},
	Date-Modified = {2011-05-09 17:20:45 +0100},
	Editor = {Keefe, R. and Smith, P.},
	Howpublished = {{Inaugural lecture published by the King's College London Department of Philosophy}},
	Pages = {251--264},
	Title = {Concepts without boundaries},
	Year = {1990}}

@book{keefe1996vagueness,
	Date-Added = {2011-05-09 16:48:23 +0100},
	Date-Modified = {2011-05-09 16:49:08 +0100},
	Editor = {Keefe, R. and Smith, P.},
	Publisher = {The MIT Press},
	Title = {{Vagueness: a Reader. A Bradford Book}},
	Year = {1996}}

@article{Mishra01042011,
	Abstract = {Is the eternal quest for precise information always worthwhile? Our research suggests that, at times, vagueness has its merits. Previous research has demonstrated that people prefer precise information over vague information because it gives them a sense of security and makes their environments more predictable. However, we show that the fuzzy boundaries afforded by vague information can actually help individuals perform better than can precise information. We document these findings across two laboratory studies and one quasi-field study that involved different performance-related contexts (mental acuity, physical strength, and weight loss). We argue that the malleability of vague information allows people to interpret it in the manner they desire, so that they can generate positive response expectancies and, thereby, perform better. The rigidity of precise information discourages desirable interpretations. Hence, on certain occasions, precise information is not as helpful as vague information in boosting performance.},
	Author = {Mishra, Himanshu and Mishra, Arul and Shiv, Baba},
	Date-Added = {2011-05-09 16:34:06 +0100},
	Date-Modified = {2011-05-09 16:40:38 +0100},
	Journal = {{Psychological Science}},
	Title = {{In Praise of Vagueness: Malleability of Vague Information as a Performance-Booster}},
	Year = {2011},
	Bdsk-File-1 = {YnBsaXN0MDDUAQIDBAUGJCVYJHZlcnNpb25YJG9iamVjdHNZJGFyY2hpdmVyVCR0b3ASAAGGoKgHCBMUFRYaIVUkbnVsbNMJCgsMDxJXTlMua2V5c1pOUy5vYmplY3RzViRjbGFzc6INDoACgAOiEBGABIAFgAdccmVsYXRpdmVQYXRoWWFsaWFzRGF0YV8QNC4uLy4uLy4uL2V2YWx1YXRpbmdOTEcvbGl0ZXJhdHVyZS9NaXNocmEwMTA0MjAxMS5wZGbSFwsYGVdOUy5kYXRhTxEBugAAAAABugACAAAGTWFjT1NYAAAAAAAAAAAAAAAAAAAAAAAAAAAAyWj71EgrAAAAYLTbEk1pc2hyYTAxMDQyMDExLnBkZgAAAAAAAAAAAAAAAAAAAAAAAAAAAAAAAAAAAAAAAAAAAAAAAAAAAAAAAAAAAABgzpzKKPy0AAAAAAAAAAAAAwADAAAJIAAAAAAAAAAAAAAAAAAAAApsaXRlcmF0dXJlABAACAAAyWj71AAAABEACAAAyijupAAAAAEAFABgtNsAYLK3AAWrhgAFq3kAAJGfAAIATE1hY09TWDpVc2VyczptamdtYWM1NjI6RG9jdW1lbnRzOmV2YWx1YXRpbmdOTEc6bGl0ZXJhdHVyZTpNaXNocmEwMTA0MjAxMS5wZGYADgAmABIATQBpAHMAaAByAGEAMAAxADAANAAyADAAMQAxAC4AcABkAGYADwAOAAYATQBhAGMATwBTAFgAEgBFVXNlcnMvbWpnbWFjNTYyL0RvY3VtZW50cy9ldmFsdWF0aW5nTkxHL2xpdGVyYXR1cmUvTWlzaHJhMDEwNDIwMTEucGRmAAATAAEvAAAVAAIAEP//AACABtIbHB0eWiRjbGFzc25hbWVYJGNsYXNzZXNdTlNNdXRhYmxlRGF0YaMdHyBWTlNEYXRhWE5TT2JqZWN00hscIiNcTlNEaWN0aW9uYXJ5oiIgXxAPTlNLZXllZEFyY2hpdmVy0SYnVHJvb3SAAQAIABEAGgAjAC0AMgA3AEAARgBNAFUAYABnAGoAbABuAHEAcwB1AHcAhACOAMUAygDSApACkgKXAqICqwK5Ar0CxALNAtIC3wLiAvQC9wL8AAAAAAAAAgEAAAAAAAAAKAAAAAAAAAAAAAAAAAAAAv4=},
	Bdsk-Url-1 = {http://pss.sagepub.com/content/early/2011/04/15/0956797611407208.abstract},
	Bdsk-Url-2 = {http://dx.doi.org/10.1177/0956797611407208}}

@article{dehaene1993mental,
	Author = {Dehaene, S. and Bossini, S. and Giraux, P.},
	Date-Added = {2011-04-28 12:39:28 +0100},
	Date-Modified = {2011-05-16 12:55:04 +0100},
	Issn = {1939-2222},
	Journal = {{Journal of Experimental Psychology: General}},
	Keywords = {SNARC},
	Number = {3},
	Pages = {371},
	Publisher = {{American Psychological Association}},
	Title = {{The mental representation of parity and number magnitude.}},
	Volume = {122},
	Year = {1993}}

@book{eaton:2002,
	Author = {John W. Eaton},
	Date-Added = {2011-04-22 14:26:56 +0100},
	Date-Modified = {2011-05-16 12:55:23 +0100},
	Publisher = {{Network Theory Limited}},
	Title = {\textsc{GNU} {Octave Manual}},
	Year = {2002}}

@book{penguin,
	Author = {Allen, R.},
	Booktitle = {{The New Penguin English Dictionary}},
	Date-Modified = {2011-10-13 10:26:33 +0000},
	Publisher = {{Penguin Books}},
	Title = {{The New Penguin English Dictionary}},
	Year = {2000}}

@inproceedings{Hobbs85granularity,
	Author = {Jerry R. Hobbs},
	Booktitle = {In Proceedings of the Ninth International Joint Conference on Artificial Intelligence},
	Pages = {432--435},
	Publisher = {Morgan Kaufmann},
	Title = {Granularity},
	Year = {1985}}

@article{ptbx2,
	Author = {Kleiner, M. and Brainard, D. and Pelli, D. and Ingling, A. and Murray, R. and Broussard, C.},
	Date-Added = {2011-04-22 14:24:16 +0100},
	Date-Modified = {2011-04-22 14:24:25 +0100},
	Journal = {Perception},
	Title = {{What's new in Psychtoolbox-3}},
	Volume = {36},
	Year = {2007}}

@article{ptbx1,
	Author = {Brainard, D. H.},
	Date-Added = {2011-04-22 14:20:41 +0100},
	Date-Modified = {2011-05-16 12:54:34 +0100},
	Journal = {{Spatial Vision}},
	Pages = {433--436},
	Title = {{The Psychophysics Toolbox}},
	Volume = {10},
	Year = {1997}}

@book{MATLAB:2010,
	Address = {Natick, Massachusetts},
	Author = {\textsc{matlab}},
	Date-Added = {2011-04-22 14:13:58 +0100},
	Date-Modified = {2011-04-22 14:16:22 +0100},
	Publisher = {The MathWorks Inc.},
	Title = {version 7.10.0 (R2010a)},
	Year = {2010}}

@conference{hunter2008summarising,
	Author = {Hunter, J. and Freer, Y. and Gatt, A. and Logie, R. and McIntosh, N. and Van Der Meulen, M. and Portet, F. and Reiter, E. and Sripada, S. and Sykes, C.},
	Booktitle = {{AMIA Annual Symposium Proceedings}},
	Date-Added = {2011-04-20 14:11:03 +0100},
	Date-Modified = {2011-05-16 13:07:02 +0100},
	Pages = {323},
	Publisher = {{American Medical Informatics Association}},
	Title = {{Summarising complex ICU data in natural language}},
	Volume = {2008},
	Year = {2008}}

@article{Hripcsak01032009,
	Abstract = {Objective To measure the uncertainty of temporal assertions like ‚{\"A}{\'u}3 weeks ago‚{\"A}{\`u} in clinical texts.Design Temporal assertions extracted from narrative clinical reports were compared to facts extracted from a structured clinical database for the same patients.Measurements The authors correlated the assertions and the facts to determine the dependence of the uncertainty of the assertions on the semantic and lexical properties of the assertions.Results The observed deviation between the stated duration and actual duration averaged about 20% of the stated deviation. Linear regression revealed that assertions about events further in the past tend to be more uncertain, smaller numeric values tend to be more uncertain (1 mo v. 30 d), and round numbers tend to be more uncertain (10 versus 11 yrs).Conclusions The authors empirically derived semantics behind statements of duration using ‚{\"A}{\'u}ago,‚{\"A}{\`u} and verified intuitions about how numbers are used.},
	Author = {Hripcsak, George and Elhadad, No\'{e}mie and Chen, {Yueh-Hsia} and Zhou, Li and Morrison, Frances P},
	Date-Added = {2011-04-20 14:09:50 +0100},
	Date-Modified = {2011-05-16 12:56:27 +0100},
	Doi = {10.1197/jamia.M3007},
	Eprint = {http://jamia.bmj.com/content/16/2/220.full.pdf},
	Journal = {{Journal of the American Medical Informatics Association}},
	Number = {2},
	Pages = {220-227},
	Title = {{Using Empiric Semantic Correlation to Interpret Temporal Assertions in Clinical Texts}},
	Volume = {16},
	Year = {2009},
	Bdsk-Url-1 = {http://jamia.bmj.com/content/16/2/220.abstract},
	Bdsk-Url-2 = {http://dx.doi.org/10.1197/jamia.M3007}}

@conference{turner2006generating,
	Address = {Stroudsburg, PA},
	Annote = {Proceedings of the Eleventh Conference of the European Chapter of the Association for Computational Linguistics: Posters \& Demonstrations},
	Author = {Turner, R. and Sripada, S. and Reiter, E. and Davy, I.P.},
	Booktitle = {{EACL '06: Proceedings}},
	Date-Added = {2011-04-20 13:53:39 +0100},
	Date-Modified = {2011-06-21 13:00:02 +0100},
	Pages = {163--166},
	Publisher = {{Association for Computational Linguistics}},
	Title = {{Generating spatio-temporal descriptions in pollen forecasts}},
	Year = {2006}}

@article{goldberg1994using,
	Author = {Goldberg, E. and Driedger, N. and Kittredge, R.I.},
	Date-Added = {2011-04-20 13:45:34 +0100},
	Date-Modified = {2011-05-16 12:56:05 +0100},
	Issn = {0885-9000},
	Journal = {{IEEE Expert}},
	Number = {2},
	Pages = {45--53},
	Publisher = {IEEE},
	Title = {{Using natural-language processing to produce weather forecasts}},
	Volume = {9},
	Year = {1994}}

@inbook{Lipman:2000fk,
	Author = {Lipman, B. L.},
	Booktitle = {{Economics and language: Five essays}},
	Date-Added = {2011-04-16 16:07:56 +0100},
	Date-Modified = {2011-05-16 13:03:54 +0100},
	Editor = {Rubinstein, A.},
	Publisher = {{Cambridge Univ Press}},
	Title = {{``Comments section"}},
	Year = {2000}}

@incollection{vanrooij2003lr,
	Address = {Bloomington},
	Author = {{van Rooij}, Robert},
	Booktitle = {{TARK 9: Theoretical Aspects of Rationality and Knowledge}},
	Date-Added = {2011-04-16 16:01:07 +0100},
	Date-Modified = {2011-04-20 13:59:09 +0100},
	Editor = {M. Tenneholz},
	Publisher = {Bloomington},
	Title = {Being polite is a handicap: Towards a game theoretic analysis of polite linguistic behavior},
	Year = {2003}}

@conference{van2010vagueness,
	Address = {{New York, NY}},
	Author = {{van Deemter}, K.},
	Booktitle = {{Logic, Language and Meaning: 17th Amsterdam Colloquium, Amsterdam, the Netherlands, December 16-18, 2009, Revised Selected Papers}},
	Date-Added = {2011-04-16 15:53:32 +0100},
	Date-Modified = {2011-05-19 13:49:09 +0100},
	Isbn = {3642142869},
	Organization = {{Springer-Verlag New York Inc}},
	Pages = {173},
	Publisher = {{Springer-Verlag New York Inc}},
	Title = {{Vagueness Facilitates Search}},
	Year = {2010}}

@article{van2009utility,
	Author = {{van Deemter}, K.},
	Date-Added = {2011-04-16 15:51:58 +0100},
	Date-Modified = {2011-06-02 07:53:12 +0100},
	Issn = {0022-3611},
	Journal = {{Journal of Philosophical Logic}},
	Number = {6},
	Pages = {607--632},
	Publisher = {Springer},
	Title = {{Utility and Language Generation: The Case of Vagueness}},
	Volume = {38},
	Year = {2009}}

@book{keefe2000theories,
	Address = {{Cambridge, U.K.}},
	Author = {Keefe, R.},
	Date-Added = {2011-04-16 15:44:59 +0100},
	Date-Modified = {2011-05-16 12:57:26 +0100},
	Publisher = {{Cambridge University Press}},
	Title = {{Theories of vagueness}},
	Year = {2000}}

@article{De-Jaegher:2003lr,
	Author = {De Jaegher, K.},
	Date-Added = {2011-04-12 11:43:30 +0100},
	Date-Modified = {2011-04-12 11:44:45 +0100},
	Journal = {{Linguistics and Philosophy}},
	Pages = {637--659},
	Title = {{A Game--Theoretic Rationale for Vagueness}},
	Volume = {26},
	Year = {2003}}

@unpublished{lipmanvague,
	Author = {Lipman, B. L.},
	Date-Added = {2011-04-12 10:45:59 +0100},
	Date-Modified = {2011-06-21 13:02:57 +0100},
	Note = {{retrieved 12 April 2011 from \url{http://people.bu.edu/} \url{blipman/Papers/vague5.pdf}}},
	Title = {{Why is Language Vague?}},
	Year = {2009}}

@article{jaeger2008categorical,
	Author = {Jaeger, T.F.},
	Date-Added = {2011-04-07 12:26:24 +0100},
	Date-Modified = {2011-05-16 12:57:16 +0100},
	Journal = {{Journal of Memory and Language}},
	Number = {4},
	Pages = {434--446},
	Publisher = {Elsevier},
	Title = {{Categorical data analysis: Away from ANOVAs (transformation or not) and towards logit mixed models}},
	Volume = {59},
	Year = {2008}}

@article{mandler1982subitizing,
	Author = {Mandler, G. and Shebo, B.J.},
	Date-Added = {2011-04-04 14:26:03 +0100},
	Date-Modified = {2011-05-16 13:04:15 +0100},
	Journal = {{Journal of Experimental Psychology: General}},
	Number = {1},
	Pages = {1--22},
	Publisher = {Elsevier},
	Title = {{Subitizing: An analysis of its component processes}},
	Volume = {111},
	Year = {1982}}

@article{dehaene1992varieties,
	Author = {Dehaene, S.},
	Date-Added = {2011-04-04 14:25:20 +0100},
	Date-Modified = {2011-04-04 14:25:20 +0100},
	Issn = {0010-0277},
	Journal = {Cognition},
	Number = {1-2},
	Pages = {1--42},
	Publisher = {Elsevier},
	Title = {{Varieties of numerical abilities}},
	Volume = {44},
	Year = {1992}}

@article{moyer1967time,
	Author = {Moyer, R.S. and Landauer, T.K.},
	Date-Added = {2011-04-04 14:02:54 +0100},
	Date-Modified = {2011-04-04 14:09:07 +0100},
	Journal = {Nature},
	Pages = {1519--1520},
	Publisher = {Nature Publishing Group},
	Title = {{Time required for judgements of numerical inequality}},
	Volume = {215},
	Year = {1967}}

@article{trick1994small,
	Author = {Trick, L.M. and Pylyshyn, Z.W.},
	Date-Added = {2011-04-04 11:57:51 +0100},
	Date-Modified = {2011-04-04 12:13:12 +0100},
	Journal = {{Psychological Review}},
	Pages = {80--102},
	Title = {{Why are small and large numbers enumerated differently? A limited-capacity preattentive stage in vision}},
	Volume = {101},
	Year = {1994}}

@article{hf1,
	Author = {Halberda, J. AND Feigenson, L.},
	Date-Added = {2010-12-15 12:00:05 +0000},
	Date-Modified = {2011-05-16 12:56:12 +0100},
	Journal = {{Developmental Psychology}},
	Number = {5},
	Pages = {1457--1465},
	Title = {{Developmental Change in the Acuity of the `Number Sense': The Approximate Number System in 3-, 4-, 5-, and 6-Year-Olds and Adults}},
	Volume = {44},
	Year = {2008}}

 @Manual{lmerTest,
    title = {lmerTest: Tests for random and fixed effects for linear mixed effect
models (lmer objects of lme4 package).},
    author = {Alexandra Kuznetsova and Per {Bruun Brockhoff} and Rune {Haubo Bojesen Christensen}},
    year = {2014},
    note = {R package version 2.0-6},
    url = {http://CRAN.R-project.org/package=lmerTest},
  }

@article{Izard20081221,
title = "Calibrating the mental number line ",
journal = "Cognition ",
volume = "106",
number = "3",
pages = "1221 - 1247",
year = "2008",
note = "",
issn = "0010-0277",
author = "Véronique Izard and Stanislas Dehaene",
keywords = "Numerical cognition",
keywords = "Estimation",
keywords = "Modeling "
}

@article{Piazza2004547,
title = "Tuning Curves for Approximate Numerosity in the Human Intraparietal Sulcus ",
journal = "Neuron ",
volume = "44",
number = "3",
pages = "547 - 555",
year = "2004",
note = "",
issn = "0896-6273",
doi = "http://dx.doi.org/10.1016/j.neuron.2004.10.014",
url = "http://www.sciencedirect.com/science/article/pii/S0896627304006786",
author = "Manuela Piazza and Véronique Izard and Philippe Pinel and Denis Le Bihan and Stanislas Dehaene"
}

@inproceedings{our-earlier-paper,
	Address = {Boston, MA},
	Author = {Green, M.J. AND van Deemter, K.},
	Booktitle = {Proceedings of `Production of Referring Expressions' workshop at 33rd Annual Meeting of the Cognitive Science Society},
	Date-Added = {2013-08-27 10:00:56 +0000},
	Date-Modified = {2013-11-25 13:56:09 +0000},
	Title = {Vagueness as Cost Reduction: An Empirical Test},
	Year = {2011}}

